3025 4909
1342 262 1843 320 ...3-·

371 433 455 498 ib.
486 436 610 499 164
632 452 763 498 non
810 433 1145 499 decideret
1190 432 1500 520 (oceanus
1533 433 1648 519 sc.)
1694 433 1872 499 nullo
1891 471 1914 482 -
1959 435 2255 518 margine
2303 434 2710 517 includente3

369 539 493 623 III,
528 546 654 607 34-
684 541 902 608 fossae
947 561 1029 609 ex
1074 542 1429 626 Rhodan03
1480 547 1563 608 59
1591 579 1615 591 -
1646 542 1775 608 fuit
1798 543 2102 626 oppidum
2125 543 2324 609 Pirae
2348 542 2493 628 (sed
2513 541 2713 608 facile

371 647 712 730 suppletur
758 647 949 735 acc.);
996 649 1153 715 item
1196 649 1311 732 IV,
1339 656 1394 733 7,
1432 652 1532 733 74,
1558 655 1662 732 86,
1692 653 1809 732 95;
1856 650 1934 733 V,
1970 655 2073 735 15,
2097 653 2217 733 84;
2263 656 2371 733 x2,
2397 654 2479 716 95
2528 649 2709 715 casia

369 754 592 822 frutex
638 806 653 824 .
685 806 700 822 .
733 792 757 805 ·
790 755 898 842 (ε
929 755 1093 844 tum)
1140 755 1473 840 nigricans
1520 756 1628 842 (cf.
1659 757 1986 825 Kuehner.
2015 757 2058 824 1.
2082 758 2123 823 l.
2147 777 2208 840 p.
2231 762 2360 824 421
2395 760 2466 822 et
2492 751 2708 822 Hand.

370 863 483 947 I'V,
528 884 588 947 p.
637 865 813 949 857).
902 863 1246 930 Facillime
1290 864 1461 930 hanc
1506 864 1741 931 seriem
1786 865 2106 948 possimus
2151 866 2530 949 producere,
2590 866 2707 931 sed

370 970 683 1055 exempla,
729 989 898 1053 quae
942 971 1345 1055 protulimuS,
1413 970 1762 1037 sufficiant.
1851 972 2228 1039 Adiciamus
2298 976 2516 1038 autem
2560 987 2706 1054 per-

367 1097 564 1161 saepe
608 1078 717 1145 vel
761 1098 963 1161 prope
1009 1083 1242 1170 extare
1288 1079 1732 1146 accusativum
1792 1079 1902 1146 vel
1964 1099 2047 1146 ex
2108 1080 2220 1163 eiS,
2290 1098 2456 1161 quae
2525 1083 2705 1147 ante-

368 1186 606 1252 cedant
648 1190 1106 1271 sequanturve,
1151 1185 1444 1269 suppleri
1484 1204 1694 1268 posse.
1729 1185 1795 1271 *)
1844 1225 1932 1235 --

1465 1382 1613 1471 §a

366 1530 503 1592 Dc
552 1530 1199 1594 coniunctione
1248 1532 2037 1611 praepositionum
2097 1548 2303 1595 eum
2368 1532 2699 1611 copula

1091 1675 1298 1736 que
1343 1664 1590 1738 apud
1638 1658 1870 1721 Piin.
1911 1651 1971 1738 1)

576 1777 874 1861 Regulae
918 1777 1114 1862 illius,
1161 1798 1354 1861 quam
1397 1779 1727 1846 Kuehuer.
1775 1777 1844 1864 (l.
1891 1778 1933 1844 l.
1980 1798 2042 1861 p.
2088 1782 2239 1861 424,
2286 1776 2324 1864 ξ
2365 1782 2487 1844 113
2515 1797 2551 1843 c
2582 1774 2703 1865 [a])

365 1885 709 1952 constituit
775 1905 875 1968 qu
893 1904 928 1950 e
998 1886 1304 1969 coniungi
1369 1886 1664 1969 pedestri
1723 1886 1791 1952 in
1852 1885 2150 1952 oratione
2208 1902 2363 1950 raro
2410 1902 2531 1950 nec
2574 1884 2703 1951 nisi

362 1992 503 2059 fere
549 2011 692 2060 cum
737 1993 1332 2075 praepositionibus
1378 1994 1627 2060 unius
1686 1993 1985 2077 syllabae
2031 1992 2449 2075 exceptiones
2497 1991 2700 2059 habes

361 2101 720 2181 permultas
765 2100 834 2167 in
879 2100 1030 2166 hist.
1076 2105 1229 2185 nat.,
1290 2121 1451 2184 quas
1496 2102 1840 2168 literarum
1889 2101 2116 2168 ordine
2177 2097 2530 2183 dispositas
2576 2100 2702 2171 hoc

361 2207 508 2273 loco
557 2208 1088 2276 enumerabimus

578 2317 646 2399 a)
695 2332 746 2380 c.
793 2335 1035 2400 praep„
1080 2321 1449 2408 quaesunt
1493 2315 1794 2400 syllabae
1839 2315 2117 2382 unius:
2178 2314 2304 2398 ΙΙΙ,
2355 2320 2479 2381 122
2523 2333 2698 2400 per-

362 2440 517 2504 que
560 2422 1004 2507 Pyrenaeum3
1051 2429 1156 2505 x6,
1206 2429 1287 2490 66
1336 2428 1750 2505 transque
1794 2422 1998 2505 Alpes
2042 2440 2334 2489 nascens

575 2529 647 2612 b)
697 2548 750 2594 c.
795 2549 1035 2612 praep.,
1104 2548 1272 2612 quae
1331 2534 1486 2596 sunt
1539 2530 1943 2613 syllabarum
2011 2529 2381 2598 duarum:
2454 2528 2567 2611 VI,
2615 2534 2697 2594 21

364 2635 769 2718 circaque
826 2635 1074 2722 fontem
1117 2636 1374 2720 Imityis
1420 2636 1727 2720 Imityos3
1797 2636 1919 2719 IX,
1968 2641 2046 2702 31
2096 2636 2399 2702 bucinum
2444 2635 2705 2702 nonnisi

374 2743 583 2826 petris
653 2743 973 2810 adhaeret
996 2781 1020 2793 -
1065 2743 1366 2826 scopulos
1409 2743 1680 2828 legitur3
1749 2742 1870 2826 XI,
1918 2748 2000 2809 53
2049 2761 2192 2809 cum
2244 2743 2546 2825 procedit
2587 2761 2707 2809 rex

368 2850 602 2935 apium,
648 2871 781 2918 una
812 2855 918 2918 est
945 2856 1203 2918 tantum
1233 2850 1553 2918 examen-4
1600 2870 1745 2918 eum
1790 2850 2134 2935 globatum
2180 2856 2287 2934 x2,
2315 2855 2439 2917 127
2461 2886 2487 2899 -
2530 2849 2702 2934 Ery-

577 3066 631 3133 *)
655 3066 767 3132 ΠΙ,
808 3070 907 3119 124
944 3067 1134 3120 Marici
1172 3068 1460 3121 condidere
1493 3067 1742 3120 Ticinum
1778 3082 1887 3118 non
1922 3062 2114 3134 procul
2152 3081 2187 3118 a
2233 3064 2385 3117 Pado
2424 3065 2564 3118 sicut
2600 3063 2704 3116 Boi

366 3156 859 3225 Transalpibus
914 3158 1143 3227 profecti
1198 3158 1441 3211 Laudem
1489 3158 1821 3226 Pompeiam,
1880 3156 1965 3209 cui
2014 3155 2134 3209 loco
2173 3155 2392 3225 quidem
2429 3155 2704 3208 Kuehner.

368 3246 427 3313 (l.
464 3246 503 3296 1.
540 3262 593 3315 p.
633 3249 756 3313 418,
792 3245 909 3299 NB.
946 3247 1041 3312 ΙΙ.)
1082 3251 1306 3300 annotat
1359 3247 1743 3324 manuscriptis
1796 3248 1923 3300 hist.
1978 3248 2089 3299 nat.
2143 3245 2324 3298 inesse
2377 3241 2525 3298 haud
2579 3261 2704 3297 raro

368 3334 794 3389 constructiones
830 3337 1294 3405 praepositionum
1330 3337 1630 3407 alienantes
1668 3352 1701 3389 a
1737 3336 1942 3407 regula,
1990 3351 2129 3403 quas
2164 3334 2504 3403 ignorantiae
2539 3333 2703 3386 libra-

365 3425 570 3477 riorum
604 3424 920 3479 tribuendas
957 3430 1234 3494 appareat,
1272 3430 1326 3480 et
1360 3429 1590 3480 annotat
1623 3428 1822 3492 locum,
1876 3439 2038 3493 quem
2074 3424 2323 3490 diximus,
2368 3424 2475 3477 hoe
2510 3422 2702 3476 modo:

367 3517 472 3569 Boi
507 3520 701 3569 trans
738 3516 1034 3585 Alpibus
1072 3517 1320 3584 profecti.
1390 3517 1691 3570 Detlefsen.
1728 3517 1922 3569 mirimi
1959 3531 2027 3566 ne
2062 3514 2550 3582 manuscriptorum
2587 3512 2705 3581 qui-

369 3606 492 3660 dem
527 3607 787 3659 lectiones
824 3609 1133 3672 annotasse,
1187 3611 1248 3659 ut
1286 3607 1606 3673 discernere,
1662 3606 1921 3674 quidnam
1972 3605 2043 3657 sit
2087 3602 2450 3670 scribendum,
2504 3618 2705 3672 neque-

369 3714 541 3751 amus.
597 3695 832 3748 Urlichs.
870 3695 1048 3748 locum
1085 3713 1195 3748 non
1232 3697 1436 3765 recepit
1473 3698 1532 3764 (l)
1572 3684 1764 3764 neque,
1803 3694 1934 3764 quid
1969 3695 2059 3747 hic
2083 3694 2165 3747 vir
2190 3692 2530 3746 doctissimus
2569 3693 2704 3746 alias

375 3786 607 3840 fortasse
642 3787 748 3838 hoc
786 3787 853 3838 de
888 3788 1008 3838 loco
1047 3786 1375 3859 disseruerit,
1412 3801 1512 3839 nos
1551 3786 1767 3839 scimus.
1839 3785 2010 3839 Immo
2069 3783 2395 3838 reiciendam
2448 3787 2703 3852 putamus

369 3892 487 3942 nos,
524 3891 689 3945 quam
726 3875 1013 3929 lectionem
1050 3877 1254 3945 recepit
1276 3874 1579 3929 Detlefsen.
1617 3880 1671 3929 et
1707 3875 2051 3929 scribendum
2077 3891 2199 3930 cum
2220 3873 2500 3927 Kuehner.
2538 3878 2704 3941 ,trans

369 3965 640 4033 Alpibus‘,
677 3966 995 4034 praesertim
1035 3982 1155 4019 cum
1191 3966 1574 4035 manuscriptis
1610 3966 1665 4017 h.
1702 3982 1757 4018 n.
1793 3965 2111 4034 saepissime
2147 3964 2536 4034 praebentibus
2573 3968 2705 4020 terr-

370 4055 558 4109 ninum
593 4056 653 4118 is
689 4071 789 4124 pro
827 4072 923 4120 es,
979 4056 1076 4109 ubi
1122 4057 1259 4109 alias
1310 4072 1450 4122 raro,
1500 4056 1760 4118 ⁸librarius
1816 4072 1927 4109 non
1979 4056 2286 4126 intelligens
2319 4054 2537 4123 ·,Alpis‘
2587 4054 2706 4107 sine

373 4144 540 4198 dubio
576 4146 720 4198 hane
757 4145 986 4198 formam
1022 4145 1264 4198 tribuens
1304 4145 1651 4199 declinationi
1687 4145 1973 4211 secundae,
2029 4162 2192 4214 quam
2230 4146 2474 4211 dicimus,
2532 4159 2706 4196 corre-

374 4233 514 4286 xerit
549 4233 606 4285 in
643 4232 934 4301 ,Alpibus‘.
2069 4232 2076 4239 ’

587 4322 631 4389 1)
652 4321 736 4372 De
757 4321 1132 4375 coniunctione
1154 4323 1545 4391 particularum
1565 4340 1639 4375 ve
1665 4327 1719 4376 et
1755 4340 1833 4377 ne
1859 4340 1979 4377 cum
1998 4337 2186 4394 praep.
2207 4324 2343 4377 alias
2362 4323 2706 4376 disseremus.
