<?xml version="1.0" encoding="UTF-8"?>
<!DOCTYPE html PUBLIC "-//W3C//DTD XHTML 1.0 Transitional//EN"
    "http://www.w3.org/TR/xhtml1/DTD/xhtml1-transitional.dtd">
<html xmlns="http://www.w3.org/1999/xhtml" xml:lang="en" lang="en">
 <head>
  <title>
</title>
<meta http-equiv="Content-Type" content="text/html;charset=utf-8" />
  <meta name='ocr-system' content='tesseract 3.04.00' />
  <meta name='ocr-capabilities' content='ocr_page ocr_carea ocr_par ocr_line ocrx_word'/>
</head>
<body>
  <div class='ocr_page' id='page_1' title='image "./quaestionesplin00essgoog_0051.png"; bbox 0 0 3025 4909; ppageno 0'>
   <div class='ocr_carea' id='block_1_1' title="bbox 1306 1205 1631 1327">
    <p class='ocr_par' dir='ltr' id='par_1_1' title="bbox 1306 1205 1631 1327">
     <span class='ocr_line' id='line_1_1' title="bbox 1306 1205 1631 1327; baseline 0.009 -3"><span class='ocrx_word' id='word_1_1' title='bbox 1306 1205 1631 1327; x_wconf 87' lang='lat' dir='ltr'><strong>Vita.</strong></span> 
     </span>
    </p>
   </div>
   <div class='ocr_carea' id='block_1_2' title="bbox 292 1473 2724 4357">
    <p class='ocr_par' dir='ltr' id='par_1_2' title="bbox 292 1473 2724 4357">
     <span class='ocr_line' id='line_1_2' title="bbox 510 1473 2644 1543; baseline 0 -2"><span class='ocrx_word' id='word_1_2' title='bbox 510 1474 1029 1543; x_wconf 87' lang='lat' dir='ltr'><strong>Franciscus</strong></span> <span class='ocrx_word' id='word_1_3' title='bbox 1073 1473 1502 1543; x_wconf 81' lang='lat' dir='ltr'><strong>Xaverius</strong></span> <span class='ocrx_word' id='word_1_4' title='bbox 1559 1473 1718 1543; x_wconf 86' lang='lat' dir='ltr'><strong>Ess</strong></span> <span class='ocrx_word' id='word_1_5' title='bbox 1762 1479 1958 1543; x_wconf 88' lang='lat' dir='ltr'><strong>natus</strong></span> <span class='ocrx_word' id='word_1_6' title='bbox 2004 1494 2145 1543; x_wconf 92' lang='lat' dir='ltr'><strong>sum</strong></span> <span class='ocrx_word' id='word_1_7' title='bbox 2195 1480 2294 1542; x_wconf 91' lang='lat'><strong>11.</strong></span> <span class='ocrx_word' id='word_1_8' title='bbox 2339 1474 2644 1543; x_wconf 88' lang='lat' dir='ltr'><strong>Decemb.</strong></span> 
     </span>
     <span class='ocr_line' id='line_1_3' title="bbox 299 1581 2645 1670; baseline -0.002 -19"><span class='ocrx_word' id='word_1_9' title='bbox 299 1588 472 1651; x_wconf 83' lang='lat'>1856</span> <span class='ocrx_word' id='word_1_10' title='bbox 519 1584 589 1651; x_wconf 90' lang='lat' dir='ltr'><strong>in</strong></span> <span class='ocrx_word' id='word_1_11' title='bbox 634 1604 807 1669; x_wconf 88' lang='lat' dir='ltr'><strong>pago</strong></span> <span class='ocrx_word' id='word_1_12' title='bbox 855 1584 1202 1652; x_wconf 89' lang='lat' dir='ltr'><strong>Zollerano</strong></span> <span class='ocrx_word' id='word_1_13' title='bbox 1249 1582 1677 1650; x_wconf 87' lang='lat' dir='ltr'><strong>Harthausen</strong></span> <span class='ocrx_word' id='word_1_14' title='bbox 1724 1582 1848 1651; x_wconf 83' lang='lat' dir='ltr'><strong>ald.</strong></span> <span class='ocrx_word' id='word_1_15' title='bbox 1894 1584 2135 1652; x_wconf 86' lang='lat' dir='ltr'><strong>Scherr</strong></span> <span class='ocrx_word' id='word_1_16' title='bbox 2198 1586 2391 1670; x_wconf 87' lang='lat' dir='ltr'><strong>patre</strong></span> <span class='ocrx_word' id='word_1_17' title='bbox 2431 1581 2645 1648; x_wconf 89' lang='lat' dir='ltr'><strong>Bene-</strong></span> 
     </span>
     <span class='ocr_line' id='line_1_4' title="bbox 295 1683 2647 1778; baseline -0.002 -18"><span class='ocrx_word' id='word_1_18' title='bbox 295 1692 476 1760; x_wconf 87' lang='lat' dir='ltr'><strong>dicto</strong></span> <span class='ocrx_word' id='word_1_19' title='bbox 506 1696 719 1761; x_wconf 83' lang='lat' dir='ltr'><strong>mat-re</strong></span> <span class='ocrx_word' id='word_1_20' title='bbox 748 1691 939 1776; x_wconf 89' lang='lat' dir='ltr'><strong>Lina,</strong></span> <span class='ocrx_word' id='word_1_21' title='bbox 972 1712 1007 1760; x_wconf 92' lang='lat' dir='ltr'><strong>e</strong></span> <span class='ocrx_word' id='word_1_22' title='bbox 1039 1697 1236 1778; x_wconf 87' lang='lat' dir='ltr'><strong>gente</strong></span> <span class='ocrx_word' id='word_1_23' title='bbox 1269 1691 1516 1776; x_wconf 87' lang='lat' dir='ltr'><strong>Stehle,</strong></span> <span class='ocrx_word' id='word_1_24' title='bbox 1535 1747 1538 1748; x_wconf 14' lang='grc' dir='ltr'><em>ν</em></span> <span class='ocrx_word' id='word_1_25' title='bbox 1558 1710 1829 1775; x_wconf 88' lang='lat' dir='ltr'><strong>quorum</strong></span> <span class='ocrx_word' id='word_1_26' title='bbox 1863 1691 2145 1760; x_wconf 83' lang='lat' dir='ltr'><strong>alterum</strong></span> <span class='ocrx_word' id='word_1_27' title='bbox 2175 1683 2390 1758; x_wconf 87' lang='lat' dir='ltr'><strong>adhuc</strong></span> <span class='ocrx_word' id='word_1_28' title='bbox 2419 1689 2647 1759; x_wconf 86' lang='lat' dir='ltr'><strong>valere</strong></span> 
     </span>
     <span class='ocr_line' id='line_1_5' title="bbox 292 1799 2645 1885; baseline -0.001 -18"><span class='ocrx_word' id='word_1_29' title='bbox 292 1800 735 1884; x_wconf 81' lang='lat' dir='ltr'>maximopere</span> <span class='ocrx_word' id='word_1_30' title='bbox 781 1800 1057 1885; x_wconf 89' lang='lat' dir='ltr'><strong>gaude0,</strong></span> <span class='ocrx_word' id='word_1_31' title='bbox 1103 1802 1382 1868; x_wconf 88' lang='lat' dir='ltr'><strong>alteram</strong></span> <span class='ocrx_word' id='word_1_32' title='bbox 1426 1799 1585 1867; x_wconf 92' lang='lat' dir='ltr'><strong>mihi</strong></span> <span class='ocrx_word' id='word_1_33' title='bbox 1629 1801 1942 1868; x_wconf 90' lang='lat' dir='ltr'><strong>terdecim</strong></span> <span class='ocrx_word' id='word_1_34' title='bbox 1982 1820 2212 1869; x_wconf 88' lang='lat' dir='ltr'><strong>annos·</strong></span> <span class='ocrx_word' id='word_1_35' title='bbox 2239 1804 2400 1869; x_wconf 86' lang='lat' dir='ltr'><strong>nato</strong></span> <span class='ocrx_word' id='word_1_36' title='bbox 2455 1816 2645 1882; x_wconf 88' lang='lat' dir='ltr'><strong>prae-</strong></span> 
     </span>
     <span class='ocr_line' id='line_1_6' title="bbox 294 1905 2651 1993; baseline -0 -19"><span class='ocrx_word' id='word_1_37' title='bbox 294 1910 563 1975; x_wconf 90' lang='lat' dir='ltr'><strong>matura</strong></span> <span class='ocrx_word' id='word_1_38' title='bbox 606 1912 817 1975; x_wconf 92' lang='lat' dir='ltr'><strong>morte</strong></span> <span class='ocrx_word' id='word_1_39' title='bbox 864 1911 1157 1991; x_wconf 88' lang='lat' dir='ltr'><strong>ereptam</strong></span> <span class='ocrx_word' id='word_1_40' title='bbox 1185 1908 1415 1975; x_wconf 86' lang='lat' dir='ltr'><strong>intimo</strong></span> <span class='ocrx_word' id='word_1_41' title='bbox 1448 1926 1532 1974; x_wconf 87' lang='lat' dir='ltr'><strong>ex</strong></span> <span class='ocrx_word' id='word_1_42' title='bbox 1564 1908 1760 1975; x_wconf 89' lang='lat' dir='ltr'><strong>corde</strong></span> <span class='ocrx_word' id='word_1_43' title='bbox 1788 1907 2003 1993; x_wconf 88' lang='lat' dir='ltr'><strong>luge0.</strong></span> <span class='ocrx_word' id='word_1_44' title='bbox 2070 1908 2304 1976; x_wconf 81' lang='lat' dir='ltr'><strong>Fidem</strong></span> <span class='ocrx_word' id='word_1_45' title='bbox 2333 1905 2651 1992; x_wconf 82' lang='lat' dir='ltr'><strong>profiteor</strong></span> 
     </span>
     <span class='ocr_line' id='line_1_7' title="bbox 295 2009 2724 2083; baseline -0.002 -1"><span class='ocrx_word' id='word_1_46' title='bbox 295 2013 712 2083; x_wconf 82' lang='lat' dir='ltr'><strong>catholicam.</strong></span> <span class='ocrx_word' id='word_1_47' title='bbox 786 2014 1165 2083; x_wconf 86' lang='lat' dir='ltr'><strong>Literarum</strong></span> <span class='ocrx_word' id='word_1_48' title='bbox 1209 2013 1599 2082; x_wconf 78' lang='lat' dir='ltr'><strong>rudimentis</strong></span> <span class='ocrx_word' id='word_1_49' title='bbox 1643 2014 1929 2082; x_wconf 88' lang='lat' dir='ltr'><strong>imbutus</strong></span> <span class='ocrx_word' id='word_1_50' title='bbox 1976 2009 2293 2082; x_wconf 88' lang='lat' dir='ltr'><strong>communi</strong></span> <span class='ocrx_word' id='word_1_51' title='bbox 2321 2014 2392 2082; x_wconf 92' lang='lat' dir='ltr'><strong>in</strong></span> <span class='ocrx_word' id='word_1_52' title='bbox 2422 2014 2651 2081; x_wconf 88' lang='lat' dir='ltr'><strong>schola</strong></span> <span class='ocrx_word' id='word_1_53' title='bbox 2719 2073 2724 2078; x_wconf 84' lang='lat'><strong>.</strong></span> 
     </span>
     <span class='ocr_line' id='line_1_8' title="bbox 293 2119 2648 2207; baseline -0 -19"><span class='ocrx_word' id='word_1_54' title='bbox 293 2140 415 2188; x_wconf 84' lang='lat' dir='ltr'><strong>sex</strong></span> <span class='ocrx_word' id='word_1_55' title='bbox 446 2141 564 2205; x_wconf 87' lang='lat' dir='ltr'><strong>per</strong></span> <span class='ocrx_word' id='word_1_56' title='bbox 595 2140 800 2190; x_wconf 77' lang='lat' dir='ltr'><strong>amios</strong></span> <span class='ocrx_word' id='word_1_57' title='bbox 832 2143 874 2190; x_wconf 92' lang='lat' dir='ltr'><strong>a</strong></span> <span class='ocrx_word' id='word_1_58' title='bbox 904 2122 1049 2190; x_wconf 85' lang='lat' dir='ltr'><strong>viro</strong></span> <span class='ocrx_word' id='word_1_59' title='bbox 1083 2122 1628 2192; x_wconf 83' lang='lat' dir='ltr'><strong>reverendissimo</strong></span> <span class='ocrx_word' id='word_1_60' title='bbox 1676 2121 1725 2189; x_wconf 86' lang='lat' dir='ltr'><strong>J</strong></span> <span class='ocrx_word' id='word_1_61' title='bbox 1728 2141 1818 2190; x_wconf 88' lang='lat' dir='ltr'><strong>os.</strong></span> <span class='ocrx_word' id='word_1_62' title='bbox 1837 2122 1924 2207; x_wconf 94' lang='lat' dir='ltr'><strong>de</strong></span> <span class='ocrx_word' id='word_1_63' title='bbox 1949 2119 2086 2207; x_wconf 83' lang='lat' dir='ltr'><strong>O‘w,</strong></span> <span class='ocrx_word' id='word_1_64' title='bbox 2132 2123 2292 2207; x_wconf 83' lang='lat' dir='ltr'><strong>pagi</strong></span> <span class='ocrx_word' id='word_1_65' title='bbox 2336 2120 2648 2206; x_wconf 83' lang='lat' dir='ltr'><strong>parocho,</strong></span> 
     </span>
     <span class='ocr_line' id='line_1_9' title="bbox 295 2228 2649 2314; baseline -0 -18"><span class='ocrx_word' id='word_1_66' title='bbox 295 2229 412 2312; x_wconf 91' lang='lat' dir='ltr'><strong>qui</strong></span> <span class='ocrx_word' id='word_1_67' title='bbox 455 2231 586 2298; x_wconf 90' lang='lat' dir='ltr'><strong>iam</strong></span> <span class='ocrx_word' id='word_1_68' title='bbox 629 2249 865 2299; x_wconf 87' lang='lat' dir='ltr'><strong>novem</strong></span> <span class='ocrx_word' id='word_1_69' title='bbox 910 2231 1149 2298; x_wconf 90' lang='lat' dir='ltr'><strong>abhinc</strong></span> <span class='ocrx_word' id='word_1_70' title='bbox 1194 2231 1382 2298; x_wconf 86' lang='lat' dir='ltr'><strong>annis</strong></span> <span class='ocrx_word' id='word_1_71' title='bbox 1425 2231 1665 2299; x_wconf 91' lang='lat' dir='ltr'><strong>merita</strong></span> <span class='ocrx_word' id='word_1_72' title='bbox 1709 2230 1859 2314; x_wconf 86' lang='lat' dir='ltr'><strong>piae</strong></span> <span class='ocrx_word' id='word_1_73' title='bbox 1903 2230 2086 2299; x_wconf 85' lang='lat' dir='ltr'><strong>vitae</strong></span> <span class='ocrx_word' id='word_1_74' title='bbox 2133 2229 2428 2314; x_wconf 83' lang='lat' dir='ltr'><strong>praemia</strong></span> <span class='ocrx_word' id='word_1_75' title='bbox 2473 2228 2649 2312; x_wconf 82' lang='lat' dir='ltr'><strong>subi-</strong></span> 
     </span>
     <span class='ocr_line' id='line_1_10' title="bbox 294 2335 2652 2425; baseline 0 -22"><span class='ocrx_word' id='word_1_76' title='bbox 294 2341 488 2404; x_wconf 90' lang='lat' dir='ltr'><strong>turus</strong></span> <span class='ocrx_word' id='word_1_77' title='bbox 533 2336 639 2421; x_wconf 87' lang='lat' dir='ltr'><strong>pie</strong></span> <span class='ocrx_word' id='word_1_78' title='bbox 682 2337 753 2404; x_wconf 91' lang='lat' dir='ltr'><strong>in</strong></span> <span class='ocrx_word' id='word_1_79' title='bbox 811 2337 1068 2405; x_wconf 90' lang='lat' dir='ltr'><strong>domino</strong></span> <span class='ocrx_word' id='word_1_80' title='bbox 1139 2338 1570 2424; x_wconf 85' lang='lat' dir='ltr'><strong>obdormivit,</strong></span> <span class='ocrx_word' id='word_1_81' title='bbox 1637 2337 1918 2425; x_wconf 77' lang='lat' dir='ltr'><strong>linguae¹</strong></span> <span class='ocrx_word' id='word_1_82' title='bbox 1970 2338 2224 2406; x_wconf 90' lang='lat' dir='ltr'><strong>latinae</strong></span> <span class='ocrx_word' id='word_1_83' title='bbox 2292 2335 2652 2421; x_wconf 88' lang='lat' dir='ltr'><strong>primordia</strong></span> 
     </span>
     <span class='ocr_line' id='line_1_11' title="bbox 298 2442 2654 2530; baseline 0 -20"><span class='ocrx_word' id='word_1_84' title='bbox 298 2445 574 2511; x_wconf 88' lang='lat' dir='ltr'><strong>edoctus</strong></span> <span class='ocrx_word' id='word_1_85' title='bbox 621 2463 701 2512; x_wconf 91' lang='lat' dir='ltr'><strong>ac</strong></span> <span class='ocrx_word' id='word_1_86' title='bbox 750 2450 921 2511; x_wconf 86' lang='lat'>1879</span> <span class='ocrx_word' id='word_1_87' title='bbox 967 2443 1036 2511; x_wconf 91' lang='lat' dir='ltr'><strong>in</strong></span> <span class='ocrx_word' id='word_1_88' title='bbox 1080 2444 1159 2513; x_wconf 89' lang='lat' dir='ltr'><strong>V.</strong></span> <span class='ocrx_word' id='word_1_89' title='bbox 1208 2446 1481 2513; x_wconf 80' lang='lat' dir='ltr'><strong>classem</strong></span> <span class='ocrx_word' id='word_1_90' title='bbox 1530 2445 1873 2530; x_wconf 79' lang='lat' dir='ltr'><strong>Gymnasii</strong></span> <span class='ocrx_word' id='word_1_91' title='bbox 1919 2444 2251 2514; x_wconf 85' lang='lat' dir='ltr'><strong>Zollerani</strong></span> <span class='ocrx_word' id='word_1_92' title='bbox 2305 2442 2654 2529; x_wconf 85' lang='lat' dir='ltr'><strong>Hedingen</strong></span> 
     </span>
     <span class='ocr_line' id='line_1_12' title="bbox 301 2550 2655 2639; baseline 0.001 -23"><span class='ocrx_word' id='word_1_93' title='bbox 301 2550 819 2639; x_wconf 84' lang='lat' dir='ltr'><strong>(Sigmaringen)</strong></span> <span class='ocrx_word' id='word_1_94' title='bbox 865 2556 1169 2635; x_wconf 84' lang='lat' dir='ltr'><strong>receptus</strong></span> <span class='ocrx_word' id='word_1_95' title='bbox 1216 2573 1374 2620; x_wconf 89' lang='lat' dir='ltr'><strong>sum.</strong></span> <span class='ocrx_word' id='word_1_96' title='bbox 1463 2553 1568 2620; x_wconf 90' lang='lat' dir='ltr'><strong>Ibi</strong></span> <span class='ocrx_word' id='word_1_97' title='bbox 1613 2572 1762 2620; x_wconf 87' lang='lat' dir='ltr'><strong>cum</strong></span> <span class='ocrx_word' id='word_1_98' title='bbox 1806 2573 1924 2621; x_wconf 87' lang='lat' dir='ltr'><strong>sex</strong></span> <span class='ocrx_word' id='word_1_99' title='bbox 1969 2571 2089 2638; x_wconf 89' lang='lat' dir='ltr'><strong>per</strong></span> <span class='ocrx_word' id='word_1_100' title='bbox 2133 2570 2340 2620; x_wconf 86' lang='lat' dir='ltr'><strong>annos</strong></span> <span class='ocrx_word' id='word_1_101' title='bbox 2393 2550 2655 2630; x_wconf 86' lang='lat' dir='ltr'><strong>scholas</strong></span> 
     </span>
     <span class='ocr_line' id='line_1_13' title="bbox 301 2658 2655 2752; baseline 0 -28"><span class='ocrx_word' id='word_1_102' title='bbox 301 2675 366 2725; x_wconf 87' lang='lat' dir='ltr'><strong>v.</strong></span> <span class='ocrx_word' id='word_1_103' title='bbox 410 2676 473 2725; x_wconf 84' lang='lat' dir='ltr'><strong>v.</strong></span> <span class='ocrx_word' id='word_1_104' title='bbox 519 2659 579 2725; x_wconf 94' lang='lat' dir='ltr'><strong>d.</strong></span> <span class='ocrx_word' id='word_1_105' title='bbox 626 2658 686 2726; x_wconf 89' lang='lat' dir='ltr'><strong>d.</strong></span> <span class='ocrx_word' id='word_1_106' title='bbox 732 2659 848 2726; x_wconf 89' lang='lat' dir='ltr'><strong>Dr.</strong></span> <span class='ocrx_word' id='word_1_107' title='bbox 896 2659 1152 2728; x_wconf 83' lang='lat' dir='ltr'><strong>Stelzer</strong></span> <span class='ocrx_word' id='word_1_108' title='bbox 1219 2660 1526 2746; x_wconf 87' lang='lat' dir='ltr'><strong>rectoris,</strong></span> <span class='ocrx_word' id='word_1_109' title='bbox 1585 2662 1967 2748; x_wconf 86' lang='lat' dir='ltr'><strong>Sauerland,</strong></span> <span class='ocrx_word' id='word_1_110' title='bbox 2035 2663 2152 2730; x_wconf 88' lang='lat' dir='ltr'><strong>Dr.</strong></span> <span class='ocrx_word' id='word_1_111' title='bbox 2198 2660 2482 2743; x_wconf 84' lang='lat' dir='ltr'><strong>Schunk,</strong></span> <span class='ocrx_word' id='word_1_112' title='bbox 2536 2659 2655 2752; x_wconf 89' lang='lat' dir='ltr'><strong>Dr.</strong></span> 
     </span>
     <span class='ocr_line' id='line_1_14' title="bbox 301 2764 2655 2858; baseline 0.001 -27"><span class='ocrx_word' id='word_1_113' title='bbox 301 2764 580 2851; x_wconf 87' lang='lat' dir='ltr'><strong>Dreher,</strong></span> <span class='ocrx_word' id='word_1_114' title='bbox 624 2766 741 2835; x_wconf 88' lang='lat' dir='ltr'><strong>Dr.</strong></span> <span class='ocrx_word' id='word_1_115' title='bbox 788 2767 1017 2858; x_wconf 82' lang='lat' dir='ltr'><strong>Maier,</strong></span> <span class='ocrx_word' id='word_1_116' title='bbox 1060 2768 1180 2835; x_wconf 87' lang='lat' dir='ltr'><strong>Dr.</strong></span> <span class='ocrx_word' id='word_1_117' title='bbox 1227 2769 1308 2837; x_wconf 91' lang='lat' dir='ltr'><strong>de</strong></span> <span class='ocrx_word' id='word_1_118' title='bbox 1357 2769 1540 2854; x_wconf 78' lang='lat' dir='ltr'><strong>AviS,</strong></span> <span class='ocrx_word' id='word_1_119' title='bbox 1585 2769 2049 2854; x_wconf 87' lang='lat' dir='ltr'><strong>Lichtschlag,</strong></span> <span class='ocrx_word' id='word_1_120' title='bbox 2093 2769 2290 2836; x_wconf 89' lang='lat' dir='ltr'><strong>Dietz</strong></span> <span class='ocrx_word' id='word_1_121' title='bbox 2352 2767 2655 2850; x_wconf 82' lang='lat' dir='ltr'><strong>frequen-</strong></span> 
     </span>
     <span class='ocr_line' id='line_1_15' title="bbox 305 2872 2655 2961; baseline 0.001 -24"><span class='ocrx_word' id='word_1_122' title='bbox 305 2874 566 2958; x_wconf 83' lang='lat' dir='ltr'><strong>tassem,</strong></span> <span class='ocrx_word' id='word_1_123' title='bbox 612 2875 951 2957; x_wconf 85' lang='lat' dir='ltr'><strong>quominus</strong></span> <span class='ocrx_word' id='word_1_124' title='bbox 982 2875 1205 2943; x_wconf 88' lang='lat' dir='ltr'><strong>studia</strong></span> <span class='ocrx_word' id='word_1_125' title='bbox 1237 2877 1664 2961; x_wconf 86' lang='lat' dir='ltr'><strong>absolverem,</strong></span> <span class='ocrx_word' id='word_1_126' title='bbox 1693 2878 1888 2945; x_wconf 90' lang='lat' dir='ltr'><strong>rebus</strong></span> <span class='ocrx_word' id='word_1_127' title='bbox 1918 2875 2270 2960; x_wconf 85' lang='lat' dir='ltr'><strong>impeditus</strong></span> <span class='ocrx_word' id='word_1_128' title='bbox 2299 2891 2442 2942; x_wconf 92' lang='lat' dir='ltr'><strong>sum</strong></span> <span class='ocrx_word' id='word_1_129' title='bbox 2467 2872 2655 2942; x_wconf 87' lang='lat' dir='ltr'><strong>fami-</strong></span> 
     </span>
     <span class='ocr_line' id='line_1_16' title="bbox 299 2976 2655 3070; baseline 0.002 -25"><span class='ocrx_word' id='word_1_130' title='bbox 299 2977 576 3047; x_wconf 86' lang='lat' dir='ltr'><strong>liaribus</strong></span> <span class='ocrx_word' id='word_1_131' title='bbox 603 2985 673 3047; x_wconf 88' lang='lat' dir='ltr'><strong>et</strong></span> <span class='ocrx_word' id='word_1_132' title='bbox 703 2980 850 3048; x_wconf 90' lang='lat' dir='ltr'><strong>aliis</strong></span> <span class='ocrx_word' id='word_1_133' title='bbox 884 2993 965 3048; x_wconf 87' lang='lat' dir='ltr'><strong>ac</strong></span> <span class='ocrx_word' id='word_1_134' title='bbox 996 2976 1282 3067; x_wconf 63' lang='grc'>00881118,</span> <span class='ocrx_word' id='word_1_135' title='bbox 1311 2988 1388 3050; x_wconf 90' lang='grc'><strong>111</strong></span> <span class='ocrx_word' id='word_1_136' title='bbox 1418 2988 1488 3051; x_wconf 97' lang='grc'><strong>81</strong></span> <span class='ocrx_word' id='word_1_137' title='bbox 1517 2983 1659 3067; x_wconf 88' lang='lat' dir='ltr'><strong>ipse</strong></span> <span class='ocrx_word' id='word_1_138' title='bbox 1690 2984 1931 3053; x_wconf 89' lang='lat' dir='ltr'><strong>scholis</strong></span> <span class='ocrx_word' id='word_1_139' title='bbox 1962 2982 2275 3070; x_wconf 88' lang='lat' dir='ltr'><strong>fungerer</strong></span> <span class='ocrx_word' id='word_1_140' title='bbox 2306 2987 2376 3051; x_wconf 89' lang='lat' dir='ltr'><strong>et</strong></span> <span class='ocrx_word' id='word_1_141' title='bbox 2403 3001 2524 3067; x_wconf 85' lang='lat' dir='ltr'><strong>per</strong></span> <span class='ocrx_word' id='word_1_142' title='bbox 2553 3001 2655 3050; x_wconf 89' lang='lat' dir='ltr'><strong>me</strong></span> 
     </span>
     <span class='ocr_line' id='line_1_17' title="bbox 300 3084 2656 3178; baseline 0.003 -26"><span class='ocrx_word' id='word_1_143' title='bbox 300 3084 536 3155; x_wconf 81' lang='lat' dir='ltr'><strong>literas</strong></span> <span class='ocrx_word' id='word_1_144' title='bbox 591 3089 968 3155; x_wconf 85' lang='lat' dir='ltr'><strong>tractarem.</strong></span> <span class='ocrx_word' id='word_1_145' title='bbox 1044 3092 1577 3178; x_wconf 88' lang='lat' dir='ltr'><strong>Praeceptorum,</strong></span> <span class='ocrx_word' id='word_1_146' title='bbox 1632 3112 1793 3176; x_wconf 89' lang='lat' dir='ltr'><strong>quos</strong></span> <span class='ocrx_word' id='word_1_147' title='bbox 1850 3093 2005 3177; x_wconf 83' lang='lat' dir='ltr'><strong>dixi,</strong></span> <span class='ocrx_word' id='word_1_148' title='bbox 2069 3096 2211 3159; x_wconf 91' lang='lat' dir='ltr'><strong>tres</strong></span> <span class='ocrx_word' id='word_1_149' title='bbox 2256 3090 2386 3159; x_wconf 90' lang='lat' dir='ltr'><strong>iam</strong></span> <span class='ocrx_word' id='word_1_150' title='bbox 2441 3091 2656 3166; x_wconf 83' lang='lat' dir='ltr'><strong>obisse</strong></span> 
     </span>
     <span class='ocr_line' id='line_1_18' title="bbox 303 3193 2657 3284; baseline 0.003 -26"><span class='ocrx_word' id='word_1_151' title='bbox 303 3210 674 3276; x_wconf 83' lang='lat' dir='ltr'><strong>supremum</strong></span> <span class='ocrx_word' id='word_1_152' title='bbox 722 3193 892 3262; x_wconf 89' lang='lat' dir='ltr'><strong>diem</strong></span> <span class='ocrx_word' id='word_1_153' title='bbox 939 3213 1083 3284; x_wconf 79' lang='lat' dir='ltr'><strong>cum</strong></span> <span class='ocrx_word' id='word_1_154' title='bbox 1127 3195 1341 3282; x_wconf 90' lang='lat' dir='ltr'><strong>luge0‚</strong></span> <span class='ocrx_word' id='word_1_155' title='bbox 1409 3202 1550 3266; x_wconf 86' lang='lat' dir='ltr'><strong>tum</strong></span> <span class='ocrx_word' id='word_1_156' title='bbox 1597 3200 1835 3266; x_wconf 86' lang='lat' dir='ltr'><strong>ceteris</strong></span> <span class='ocrx_word' id='word_1_157' title='bbox 1898 3197 2004 3264; x_wconf 88' lang='lat' dir='ltr'><strong>hic</strong></span> <span class='ocrx_word' id='word_1_158' title='bbox 2070 3199 2328 3282; x_wconf 77' lang='lat' dir='ltr'><strong>gratias</strong></span> <span class='ocrx_word' id='word_1_159' title='bbox 2397 3197 2657 3267; x_wconf 88' lang='lat' dir='ltr'><strong>debitas</strong></span> 
     </span>
     <span class='ocr_line' id='line_1_19' title="bbox 305 3299 2656 3391; baseline 0.004 -26"><span class='ocrx_word' id='word_1_160' title='bbox 305 3300 483 3381; x_wconf 85' lang='lat' dir='ltr'><strong>quod</strong></span> <span class='ocrx_word' id='word_1_161' title='bbox 526 3299 779 3369; x_wconf 84' lang='lat' dir='ltr'><strong>referre</strong></span> <span class='ocrx_word' id='word_1_162' title='bbox 825 3321 1104 3388; x_wconf 87' lang='lat' dir='ltr'><strong>possum,</strong></span> <span class='ocrx_word' id='word_1_163' title='bbox 1149 3305 1347 3372; x_wconf 87' lang='lat' dir='ltr'><strong>valde</strong></span> <span class='ocrx_word' id='word_1_164' title='bbox 1394 3305 1671 3391; x_wconf 79' lang='lat' dir='ltr'><strong>gaudeo,</strong></span> <span class='ocrx_word' id='word_1_165' title='bbox 1761 3304 2182 3374; x_wconf 88' lang='lat' dir='ltr'><strong>Maturitatis</strong></span> <span class='ocrx_word' id='word_1_166' title='bbox 2212 3306 2656 3375; x_wconf 89' lang='lat' dir='ltr'><strong>testimonium</strong></span> 
     </span>
     <span class='ocr_line' id='line_1_20' title="bbox 308 3405 2656 3499; baseline 0.005 -28"><span class='ocrx_word' id='word_1_167' title='bbox 308 3405 483 3486; x_wconf 89' lang='lat' dir='ltr'><strong>quod</strong></span> <span class='ocrx_word' id='word_1_168' title='bbox 536 3406 792 3476; x_wconf 89' lang='lat' dir='ltr'><strong>alienae</strong></span> <span class='ocrx_word' id='word_1_169' title='bbox 838 3408 1132 3477; x_wconf 86' lang='lat' dir='ltr'><strong>civitatis</strong></span> <span class='ocrx_word' id='word_1_170' title='bbox 1176 3411 1588 3481; x_wconf 89' lang='lat' dir='ltr'><strong>Karlsruhae</strong></span> <span class='ocrx_word' id='word_1_171' title='bbox 1634 3432 1775 3480; x_wconf 89' lang='lat' dir='ltr'><strong>sum</strong></span> <span class='ocrx_word' id='word_1_172' title='bbox 1822 3418 2057 3481; x_wconf 87' lang='lat' dir='ltr'><strong>nactus</strong></span> <span class='ocrx_word' id='word_1_173' title='bbox 2106 3419 2414 3484; x_wconf 89' lang='lat' dir='ltr'><strong>autumno</strong></span> <span class='ocrx_word' id='word_1_174' title='bbox 2467 3420 2656 3499; x_wconf 82' lang='lat'><strong>1881,</strong></span> 
     </span>
     <span class='ocr_line' id='line_1_21' title="bbox 308 3513 2659 3607; baseline 0.004 -27"><span class='ocrx_word' id='word_1_175' title='bbox 308 3529 372 3580; x_wconf 85' lang='lat' dir='ltr'><strong>v.</strong></span> <span class='ocrx_word' id='word_1_176' title='bbox 417 3513 775 3581; x_wconf 88' lang='lat' dir='ltr'><strong>doctissimi</strong></span> <span class='ocrx_word' id='word_1_177' title='bbox 830 3516 1302 3602; x_wconf 87' lang='lat' dir='ltr'><strong>clarissimique</strong></span> <span class='ocrx_word' id='word_1_178' title='bbox 1345 3518 1462 3588; x_wconf 89' lang='lat' dir='ltr'><strong>Dr.</strong></span> <span class='ocrx_word' id='word_1_179' title='bbox 1508 3521 1805 3606; x_wconf 85' lang='lat' dir='ltr'><strong>Wagner</strong></span> <span class='ocrx_word' id='word_1_180' title='bbox 1867 3521 2227 3591; x_wconf 85' lang='lat' dir='ltr'><strong>consiliarii</strong></span> <span class='ocrx_word' id='word_1_181' title='bbox 2273 3523 2501 3607; x_wconf 87' lang='lat' dir='ltr'><strong>aulici,</strong></span> <span class='ocrx_word' id='word_1_182' title='bbox 2547 3521 2659 3605; x_wconf 84' lang='lat' dir='ltr'><strong>qui</strong></span> 
     </span>
     <span class='ocr_line' id='line_1_22' title="bbox 309 3621 2657 3716; baseline 0.006 -32"><span class='ocrx_word' id='word_1_183' title='bbox 309 3621 571 3688; x_wconf 90' lang='lat' dir='ltr'><strong>summis</strong></span> <span class='ocrx_word' id='word_1_184' title='bbox 601 3621 671 3689; x_wconf 94' lang='lat' dir='ltr'><strong>in</strong></span> <span class='ocrx_word' id='word_1_185' title='bbox 700 3623 998 3692; x_wconf 84' lang='lat' dir='ltr'><strong>Badenia</strong></span> <span class='ocrx_word' id='word_1_186' title='bbox 1042 3628 1416 3695; x_wconf 88' lang='lat' dir='ltr'><strong>scholarum</strong></span> <span class='ocrx_word' id='word_1_187' title='bbox 1460 3628 1747 3712; x_wconf 89' lang='lat' dir='ltr'><strong>negotiis</strong></span> <span class='ocrx_word' id='word_1_188' title='bbox 1793 3630 2112 3716; x_wconf 87' lang='lat' dir='ltr'><strong>fungitur,</strong></span> <span class='ocrx_word' id='word_1_189' title='bbox 2157 3629 2657 3700; x_wconf 89' lang='lat' dir='ltr'><strong>benevolentiae</strong></span> 
     </span>
     <span class='ocr_line' id='line_1_23' title="bbox 311 3727 2659 3822; baseline 0.005 -31"><span class='ocrx_word' id='word_1_190' title='bbox 311 3727 535 3793; x_wconf 89' lang='lat' dir='ltr'><strong>debeo.</strong></span> <span class='ocrx_word' id='word_1_191' title='bbox 640 3730 1069 3816; x_wconf 88' lang='lat' dir='ltr'><strong>Benignitate</strong></span> <span class='ocrx_word' id='word_1_192' title='bbox 1129 3739 1348 3802; x_wconf 88' lang='lat' dir='ltr'><strong>autem</strong></span> <span class='ocrx_word' id='word_1_193' title='bbox 1409 3737 1708 3805; x_wconf 78' lang='lat' dir='ltr'><strong>sereniss,</strong></span> <span class='ocrx_word' id='word_1_194' title='bbox 1772 3738 1832 3804; x_wconf 91' lang='lat' dir='ltr'><strong>d.</strong></span> <span class='ocrx_word' id='word_1_195' title='bbox 1878 3737 1939 3805; x_wconf 92' lang='lat' dir='ltr'><strong>d.</strong></span> <span class='ocrx_word' id='word_1_196' title='bbox 1986 3738 2068 3806; x_wconf 93' lang='lat' dir='ltr'><strong>de</strong></span> <span class='ocrx_word' id='word_1_197' title='bbox 2130 3736 2419 3822; x_wconf 79' lang='lat' dir='ltr'><strong>Gossler,</strong></span> <span class='ocrx_word' id='word_1_198' title='bbox 2478 3736 2659 3822; x_wconf 88' lang='lat' dir='ltr'><strong>regis</strong></span> 
     </span>
     <span class='ocr_line' id='line_1_24' title="bbox 308 3833 2656 3929; baseline 0.005 -31"><span class='ocrx_word' id='word_1_199' title='bbox 308 3833 611 3917; x_wconf 90' lang='lat' dir='ltr'><strong>ministri,</strong></span> <span class='ocrx_word' id='word_1_200' title='bbox 678 3837 835 3904; x_wconf 92' lang='lat' dir='ltr'><strong>mihi</strong></span> <span class='ocrx_word' id='word_1_201' title='bbox 904 3840 1202 3925; x_wconf 88' lang='lat' dir='ltr'><strong>contigit,</strong></span> <span class='ocrx_word' id='word_1_202' title='bbox 1272 3847 1348 3909; x_wconf 89' lang='lat' dir='ltr'><strong>ut</strong></span> <span class='ocrx_word' id='word_1_203' title='bbox 1407 3846 1510 3910; x_wconf 90' lang='grc'><strong>181</strong></span> <span class='ocrx_word' id='word_1_204' title='bbox 1574 3863 1690 3912; x_wconf 84' lang='lat' dir='ltr'><strong>sex</strong></span> <span class='ocrx_word' id='word_1_205' title='bbox 1735 3864 1988 3912; x_wconf 89' lang='lat' dir='ltr'><strong>menses</strong></span> <span class='ocrx_word' id='word_1_206' title='bbox 2036 3845 2656 3929; x_wconf 84' lang='lat' dir='ltr'><strong>ArgentoratenseS,</strong></span> 
     </span>
     <span class='ocr_line' id='line_1_25' title="bbox 311 3942 2657 4037; baseline 0.005 -31"><span class='ocrx_word' id='word_1_207' title='bbox 311 3959 475 4022; x_wconf 89' lang='lat' dir='ltr'><strong>quos</strong></span> <span class='ocrx_word' id='word_1_208' title='bbox 501 3942 729 4027; x_wconf 89' lang='lat' dir='ltr'><strong>dicam,</strong></span> <span class='ocrx_word' id='word_1_209' title='bbox 758 3946 844 4012; x_wconf 87' lang='lat' dir='ltr'><strong>ad</strong></span> <span class='ocrx_word' id='word_1_210' title='bbox 875 3947 1225 4013; x_wconf 88' lang='lat' dir='ltr'><strong>triennium</strong></span> <span class='ocrx_word' id='word_1_211' title='bbox 1250 3948 1739 4035; x_wconf 88' lang='lat' dir='ltr'><strong>adhiberentur,</strong></span> <span class='ocrx_word' id='word_1_212' title='bbox 1765 3953 1944 4020; x_wconf 89' lang='lat' dir='ltr'><strong>cuius</strong></span> <span class='ocrx_word' id='word_1_213' title='bbox 1968 3954 2066 4020; x_wconf 89' lang='lat' dir='ltr'><strong>rei</strong></span> <span class='ocrx_word' id='word_1_214' title='bbox 2090 3957 2286 4037; x_wconf 90' lang='lat' dir='ltr'><strong>grato</strong></span> <span class='ocrx_word' id='word_1_215' title='bbox 2312 3953 2525 4020; x_wconf 87' lang='lat' dir='ltr'><strong>animo</strong></span> <span class='ocrx_word' id='word_1_216' title='bbox 2550 3950 2657 4018; x_wconf 90' lang='lat' dir='ltr'><strong>hic</strong></span> 
     </span>
     <span class='ocr_line' id='line_1_26' title="bbox 309 4049 2658 4137; baseline 0.006 -25"><span class='ocrx_word' id='word_1_217' title='bbox 309 4049 703 4115; x_wconf 89' lang='lat' dir='ltr'><strong>mentionem</strong></span> <span class='ocrx_word' id='word_1_218' title='bbox 726 4049 1098 4119; x_wconf 87' lang='lat' dir='ltr'><strong>faciendam</strong></span> <span class='ocrx_word' id='word_1_219' title='bbox 1129 4055 1378 4137; x_wconf 88' lang='lat' dir='ltr'><strong>putavi.</strong></span> <span class='ocrx_word' id='word_1_220' title='bbox 1426 4056 1600 4124; x_wconf 90' lang='lat' dir='ltr'><strong>Vere</strong></span> <span class='ocrx_word' id='word_1_221' title='bbox 1630 4065 1797 4125; x_wconf 90' lang='grc'>1879</span> <span class='ocrx_word' id='word_1_222' title='bbox 1825 4060 1959 4127; x_wconf 89' lang='lat' dir='ltr'><strong>adii</strong></span> <span class='ocrx_word' id='word_1_223' title='bbox 1991 4060 2491 4127; x_wconf 86' lang='lat' dir='ltr'><strong>universitatem</strong></span> <span class='ocrx_word' id='word_1_224' title='bbox 2521 4059 2658 4126; x_wconf 89' lang='lat' dir='ltr'><strong>Ar-</strong></span> 
     </span>
     <span class='ocr_line' id='line_1_27' title="bbox 311 4160 2660 4249; baseline 0.006 -31"><span class='ocrx_word' id='word_1_225' title='bbox 311 4174 358 4237; x_wconf 88' lang='lat' dir='ltr'><strong>g</strong></span> <span class='ocrx_word' id='word_1_226' title='bbox 377 4173 413 4218; x_wconf 90' lang='lat' dir='ltr'><strong>e</strong></span> <span class='ocrx_word' id='word_1_227' title='bbox 429 4160 504 4220; x_wconf 90' lang='lat' dir='ltr'><strong>nt</strong></span> <span class='ocrx_word' id='word_1_228' title='bbox 521 4174 556 4219; x_wconf 94' lang='grc'>0</span> <span class='ocrx_word' id='word_1_229' title='bbox 575 4176 610 4221; x_wconf 89' lang='grc'><strong>1</strong></span> <span class='ocrx_word' id='word_1_230' title='bbox 626 4176 666 4221; x_wconf 90' lang='lat' dir='ltr'><strong>a</strong></span> <span class='ocrx_word' id='word_1_231' title='bbox 688 4161 824 4223; x_wconf 88' lang='lat' dir='ltr'><strong>ten</strong></span> <span class='ocrx_word' id='word_1_232' title='bbox 841 4176 871 4222; x_wconf 93' lang='lat' dir='ltr'><strong>s</strong></span> <span class='ocrx_word' id='word_1_233' title='bbox 887 4176 923 4224; x_wconf 91' lang='lat' dir='ltr'><strong>e</strong></span> <span class='ocrx_word' id='word_1_234' title='bbox 941 4178 1036 4242; x_wconf 92' lang='lat' dir='ltr'><strong>m,</strong></span> <span class='ocrx_word' id='word_1_235' title='bbox 1067 4161 1180 4227; x_wconf 89' lang='lat' dir='ltr'><strong>ubi</strong></span> <span class='ocrx_word' id='word_1_236' title='bbox 1204 4165 1307 4227; x_wconf 92' lang='lat' dir='ltr'><strong>ter</strong></span> <span class='ocrx_word' id='word_1_237' title='bbox 1330 4181 1445 4228; x_wconf 85' lang='lat' dir='ltr'><strong>sex</strong></span> <span class='ocrx_word' id='word_1_238' title='bbox 1468 4182 1721 4231; x_wconf 89' lang='lat' dir='ltr'><strong>menses</strong></span> <span class='ocrx_word' id='word_1_239' title='bbox 1746 4166 1982 4234; x_wconf 88' lang='lat' dir='ltr'><strong>studiis</strong></span> <span class='ocrx_word' id='word_1_240' title='bbox 2006 4186 2106 4232; x_wconf 90' lang='lat' dir='ltr'><strong>me</strong></span> <span class='ocrx_word' id='word_1_241' title='bbox 2132 4167 2315 4249; x_wconf 81' lang='lat' dir='ltr'><strong>dedi3</strong></span> <span class='ocrx_word' id='word_1_242' title='bbox 2364 4171 2500 4233; x_wconf 88' lang='lat' dir='ltr'><strong>tum</strong></span> <span class='ocrx_word' id='word_1_243' title='bbox 2548 4185 2660 4233; x_wconf 90' lang='lat' dir='ltr'><strong>au-</strong></span> 
     </span>
     <span class='ocr_line' id='line_1_28' title="bbox 313 4265 2660 4357; baseline 0.006 -32"><span class='ocrx_word' id='word_1_244' title='bbox 313 4267 534 4327; x_wconf 84' lang='lat' dir='ltr'><strong>tumno</strong></span> <span class='ocrx_word' id='word_1_245' title='bbox 590 4270 758 4328; x_wconf 82' lang='grc'>1880</span> <span class='ocrx_word' id='word_1_246' title='bbox 821 4265 1324 4350; x_wconf 86' lang='lat' dir='ltr'><strong>Friburgum</strong></span> <span class='ocrx_word' id='word_1_247' title='bbox 1394 4270 1786 4357; x_wconf 84' lang='lat' dir='ltr'><strong>Brisgov.</strong></span> <span class='ocrx_word' id='word_1_248' title='bbox 1846 4274 2143 4357; x_wconf 84' lang='lat' dir='ltr'><strong>migravi,</strong></span> <span class='ocrx_word' id='word_1_249' title='bbox 2211 4273 2322 4340; x_wconf 89' lang='lat' dir='ltr'><strong>ubi</strong></span> <span class='ocrx_word' id='word_1_250' title='bbox 2383 4274 2484 4338; x_wconf 91' lang='lat' dir='ltr'><strong>bis</strong></span> <span class='ocrx_word' id='word_1_251' title='bbox 2543 4292 2660 4340; x_wconf 83' lang='lat' dir='ltr'><strong>sex</strong></span> 
     </span>
    </p>
   </div>
  </div>
 </body>
</html>
